@misc{goeltz2020fast,
  title         = {Fast and deep: energy-efficient neuromorphic learning with first-spike times},
  author        = {Julian G\"{o}ltz and Laura Kriener and Andreas Baumbach and Sebastian Billaudelle and Oliver Breitwieser and Benjamin Cramer and Dominik Dold and Akos Ferenc Kungl and Walter Senn and Johannes Schemmel and Karlheinz Meier and Mihai Alexandru Petrovici},
  year          = {2020},
  eprint        = {1912.11443},
  archiveprefix = {arXiv},
  primaryclass  = {cs.NE}
}
